
@misc{GitRubio,
  author = {Rubio, J.},
  title = {Qu\'e es Git y para qu\'e sirve.},
  howpublished = {\url{https://openwebinars.net/blog/que-es-git-y-para-que-sirve/}},
  year = {2020},
}

@misc{BitAtlas,
  author = {Bitbucket},
  title = {Qué es Git.},
  howpublished = {\url{https://www.atlassian.com/es/git/tutorials/what-is-git}},
  year = {s.f.},
}

@misc{CanBlog,
  author = {Canepa, G.},
  title = {Qué es Bash.},
  howpublished = {\url{https://blog.carreralinux.com.ar/2018/04/que-es-bash-shell-interprete-y-mas/}},
  year = {2018},
}

@misc{RedDocker,
  author = {RedHat},
  title = {¿Qué es Docker?},
  howpublished = {\url{https://www.redhat.com/es/topics/containers/what-is-docker}},
  year = {s.f.},
}

@misc{HostGitHub,
  author = {Hostinger Tutoriales},
  title = {¿Qué es GitHub y para qué se utiliza?},
  howpublished = {\url{https://www.hostinger.mx/tutoriales/que-es-github/}},
  year = {2019},
}

@misc{KinGitHub,
  author = {Kinsta},
  title = {¿Qué es GitHub?},
  howpublished = {\url{https://kinsta.com/es/base-de-conocimiento/que-es-github/}},
  year = {2020},
}

@misc{ClaGit,
  author = {Claventy},
  title = {Qué es Git flow y cómo funciona.},
  howpublished = {\url{https://cleventy.com/que-es-git-flow-y-como-funciona/}},
  year = {2020},
}

@misc{DesPy,
  author = {Desarrollo Web},
  title = {Qué es Python.},
  howpublished = {\url{https://desarrolloweb.com/articulos/1325.php}},
  year = {2003},
}

@misc{AnPy,
  author = {Angeles, J.},
  title = {Python.},
  howpublished = {\url{https://www.crehana.com/mx/blog/web/que-es-python/\#que-es-y-para-que-sirve-python }},
  year = {2020},
}

@misc{CaDiaJupyter,
  author = {Cabrera, E. y Diaz, E.},
  title = {Manual de uso de Jupyter Notebook para aplicaciones docentes.},
  howpublished = {\url{https://eprints.ucm.es/id/eprint/48304/1/ManualJupyter.pdf}},
  year = {s.f.},
}

@misc{DigJupyter,
  author = {Digital Guide IONOS},
  title = {Jupyter Notebook: documentos web para análisis de datos, código en vivo y mucho más.},
  howpublished = {\url{https://www.ionos.mx/digitalguide/paginas-web/desarrollo-web/jupyter-notebook/}},
  year = {s.f.},
}

@misc{OreAnaliExplo,
  author = {Orellana, L.},
  title = {Estadística descriptiva o Análisis exploratorio de datos.},
  howpublished = {\url{http://cms.dm.uba.ar/academico/materias/verano2015/estadisticaQ/descriptiva.pdf}},
  year = {s.f.},
}

@misc{HelAnaliExplo,
  author = {Helix Bios},
  title = {Análisis exploratorio de datos y visualización de la información.},
  howpublished = {\url{http://www.helixbios.com/analisis-exploratorio-de-datos}},
  year = {s.f.},
}

@misc{DuroCur,
  author = {Duro, S.},
  title = {¿Qué es la Curación de Contenidos y qué herramientas usar?},
  howpublished = {\url{https://www.webempresa.com/blog/curacion-de-contenidos.html}},
  year = {2017},
}

@misc{ItCur,
  author = {It User},
  title = {Qué es un curador de datos y por qué es importante.},
  howpublished = {\url{https://discoverthenew.ituser.es/predictive-analytics/2020/06/que-es-un-curador-de-datos-y-por-que-es-importante}},
  year = {2020},
}
